@Article{RTidyverse,
  title = {Welcome to the {tidyverse}},
  author = {Hadley Wickham and Mara Averick and Jennifer Bryan and
    Winston Chang and Lucy D'Agostino McGowan and Romain François and
    Garrett Grolemund and Alex Hayes and Lionel Henry and Jim Hester
    and Max Kuhn and Thomas Lin Pedersen and Evan Miller and Stephan
    Milton Bache and Kirill Müller and Jeroen Ooms and David Robinson
    and Dana Paige Seidel and Vitalie Spinu and Kohske Takahashi and
    Davis Vaughan and Claus Wilke and Kara Woo and Hiroaki Yutani},
  year = {2019},
  journal = {Journal of Open Source Software},
  volume = {4},
  number = {43},
  pages = {1686},
  doi = {10.21105/joss.01686},
}
@Manual{RTidymodels,
  title = {Tidymodels: a collection of packages for modeling and
    machine learning using tidyverse principles.},
  author = {Max Kuhn and Hadley Wickham},
  url = {https://www.tidymodels.org},
  year = {2020},
}
@misc{NBAStats,
  title = {{NBA Stats}},
  author = {{National Basketball Association}},
  year = {2023},
  howpublished = {{stats.nba.com}},
  url = {https://stats.nba.com/},
}
@misc{KaggleNBAGames,
  title = {{NBA Games Dataset}},
  author = {{Lauga, Nathan}},
  howpublished = {{Kaggle}},
  year = {2023},
  url = {https://www.kaggle.com/datasets/nathanlauga/nba-games},
  note = {Accessed June 3, 2023},
}
@misc{GithubNBAShots,
  title = {{NBA Shots Dataset}},
  author = {{Samangy, Dominic}},
  howpublished = {{GitHub repository}},
  year = {2023},
  url = {https://github.com/DomSamangy/NBA_Shots_04_23},
  note = {Accessed June 3, 2023},
}
@misc{BasketballCourtR,
  title = {{Drawing a Basketball Court with R}},
  author = {{Gallic, Ewen}},
  howpublished = {{Web Archive}},
  year = {2014},
  url = {https://web.archive.org/web/20210616005412/https://egallic.fr/en/drawing-a-basketball-court-with-r/},
  note = {Accessed June 3, 2023},
}
@book{Moneyball,
  author = {Lewis, Michael},
  title = {Moneyball: The Art of Winning an Unfair Game},
  publisher = {W. W. Norton & Company},
  year = {2003},
  address = {New York, NY},
  isbn = {9780393324815},
  url = {https://wwnorton.com/books/9780393324815},
}
@article{Moreyball,
  author = {Catalfano, Joseph J.},
  title = {Moneyball to Moreyball: How Analytics Have Shaped the NBA Today},
  year = {2015},
  url = {https://fisherpub.sjf.edu/sport_undergrad/106},
}
@article{QuinlanDT,
  title = {Simplifying decision trees},
  journal = {International Journal of Man-Machine Studies},
  volume = {27},
  number = {3},
  pages = {221-234},
  year = {1987},
  issn = {0020-7373},
  doi = {https://doi.org/10.1016/S0020-7373(87)80053-6},
  url = {https://www.sciencedirect.com/science/article/pii/S0020737387800536},
  author = {J.R. Quinlan},
}
@book{AppLog,
  title = {Applied Logistic Regression},
  author = {Hosmer, D.W. and Lemeshow, S.},
  isbn = {9780470582473},
  series = {Applied Logistic Regression},
  url = {https://onlinelibrary.wiley.com/doi/book/10.1002/9781118548387},
  year = {2013},
  publisher = {Wiley},
  doi = {10.1002/9781118548387}
}
@article{kFold,
  author = {Soper, Daniel S.},
  title = {Greed Is Good: Rapid Hyperparameter Optimization and Model Selection Using Greedy k-Fold Cross Validation},
  journal = {Electronics},
  volume = {10},
  year = {2021},
  number = {16},
  article-number = {1973},
  url = {https://www.mdpi.com/2079-9292/10/16/1973},
  issn = {2079-9292},
  doi = {10.3390/electronics10161973},
}
@misc{BallGlossary,
  author = "{Wikipedia contributors}",
  title = "Glossary of basketball terms --- {Wikipedia}{,} The Free Encyclopedia",
  year = "2023",
  url = "https://en.wikipedia.org/w/index.php?title=Glossary_of_basketball_terms&oldid=1160678356",
  note = "[Online; accessed 21-June-2023]"
}
@online{Rockets27,
  author = {Rollins, Khadrice},
  title = {Rockets Break Playoff Record: 27 Consecutive Missed Three-Pointers},
  year = {2018},
  month = {5},
  day = {29},
  url = {https://www.si.com/nba/2018/05/29/rockets-break-playoff-record-27-consecutive-missed-three-pointers},
  urldate = {2023-06-21}
}
@book{bruce2020practical,
  title = {Practical Statistics for Data Scientists},
  author = {Bruce, Peter and Bruce, Andrew and Gedeck, Peter},
  year = {2020},
  month = {May},
  publisher = {O'Reilly Media, Inc.},
  isbn = {9781492072942},
}
@manual{glm,
  title = {glm: Fitting Generalized Linear Models},
  author = {{R Core Team}},
  year = {2023},
  note = {R package version},
  url = {https://stat.ethz.ch/R-manual/R-patched/library/stats/html/glm.html},
}
@manual{rpart,
  title = {rpart: Recursive Partitioning and Regression Trees},
  author = {Terry Therneau and Beth Atkinson and Brian Ripley},
  year = {2022},
  note = {R package version 4.1.19},
  url = {https://cran.r-project.org/package=rpart},
}
@manual{rpart-vignette,
  title = {An Introduction to Recursive Partitioning: Using the RPART Routines},
  author = {Terry M. Therneau and Elizabeth J. Atkinson},
  organization = {Mayo Foundation},
  year = {2022},
  month = {October 21},
  url = {https://cran.r-project.org/web/packages/rpart/vignettes/longintro.pdf},
}
@manual{rpartplot,
  title = {rpart.plot: Plot 'rpart' Models: An Enhanced Version of 'plot.rpart'},
  author = {Stephen Milborrow},
  year = {2022},
  note = {R package version 3.1.1},
  url = {http://www.milbo.org/rpart-plot/index.html},
}
@misc{permvip,
  title={Variable importance scores}, 
  author={Wei-Yin Loh and Peigen Zhou},
  year={2021},
  eprint={2102.07765},
  archivePrefix={arXiv},
  primaryClass={cs.LG},
}
@book{hastie-elements,
  title = {The Elements of Statistical Learning},
  subtitle = {Data Mining, Inference, and Prediction, Second Edition},
  author = {Hastie, Trevor and Tibshirani, Robert and Friedman, Jerome},
  year = {2009},
  publisher = {Springer},
  address = {New York, NY},
  doi = {10.1007/978-0-387-84858-7},
  series = {Springer Series in Statistics},
  isbn = {978-0-387-84857-0},
  edition = {2},
  pages = {XXII, 745},
  note = {Hardcover ISBN: 978-0-387-84857-0 (Published: 09 February 2009)},
  keywords = {data mining, statistical learning, prediction},
}
@article{cohenkappa,
  title = {A coefficient of agreement for nominal scales},
  author = {Cohen, Jacob},
  journal = {Educational and Psychological Measurement},
  volume = {20},
  number = {1},
  pages = {37--46},
  year = {1960},
  publisher = {SAGE Publications},
  doi = {10.1177/001316446002000104},
}
@article{fmeas,
  title = {Evaluation: from precision, recall and F-measure to ROC, informedness, markedness and correlation},
  author = {Powers, David M.},
  journal = {Journal of Machine Learning Technologies},
  volume = {2},
  number = {1},
  pages = {37--63},
  year = {2011},
  publisher = {Knowledge Technology Institute},
}
@article{rocauc,
  title = {An introduction to ROC analysis},
  author = {Fawcett, Tom},
  journal = {Pattern Recognition Letters},
  volume = {27},
  number = {8},
  pages = {861--874},
  year = {2006},
  publisher = {Elsevier},
  doi = {10.1016/j.patrec.2005.10.010},
}
@inproceedings{luck,
  author = {Aoki, Raquel Y.S. and Assuncao, Renato M. and Vaz de Melo, Pedro O.S.},
  title = {Luck is Hard to Beat: The Difficulty of Sports Prediction},
  year = {2017},
  isbn = {9781450348874},
  publisher = {Association for Computing Machinery},
  address = {New York, NY, USA},
  url = {https://doi.org/10.1145/3097983.3098045},
  doi = {10.1145/3097983.3098045},
  booktitle = {Proceedings of the 23rd ACM SIGKDD International Conference on Knowledge Discovery and Data Mining},
  pages = {1367–1376},
}