@Article{RTidyverse,
  title = {Welcome to the {tidyverse}},
  author = {Hadley Wickham and Mara Averick and Jennifer Bryan and
    Winston Chang and Lucy D'Agostino McGowan and Romain François and
    Garrett Grolemund and Alex Hayes and Lionel Henry and Jim Hester
    and Max Kuhn and Thomas Lin Pedersen and Evan Miller and Stephan
    Milton Bache and Kirill Müller and Jeroen Ooms and David Robinson
    and Dana Paige Seidel and Vitalie Spinu and Kohske Takahashi and
    Davis Vaughan and Claus Wilke and Kara Woo and Hiroaki Yutani},
  year = {2019},
  journal = {Journal of Open Source Software},
  volume = {4},
  number = {43},
  pages = {1686},
  doi = {10.21105/joss.01686},
}
@Manual{RTidymodels,
  title = {Tidymodels: a collection of packages for modeling and
    machine learning using tidyverse principles.},
  author = {Max Kuhn and Hadley Wickham},
  url = {https://www.tidymodels.org},
  year = {2020},
}
@Article{RCaret,
  title = {Building Predictive Models in R Using the caret Package},
  volume = {28},
  url =
    {https://www.jstatsoft.org/index.php/jss/article/view/v028i05},
  doi = {10.18637/jss.v028.i05},
  number = {5},
  journal = {Journal of Statistical Software},
  author = {Max Kuhn},
  year = {2008},
  pages = {1–26},
}
@misc{NBAStats,
  title = {{NBA Stats}},
  author = {{National Basketball Association}},
  year = {2023},
  howpublished = {{stats.nba.com}},
  url = {https://stats.nba.com/},
}
@misc{KaggleNBAGames,
  title = {{NBA Games Dataset}},
  author = {{Lauga, Nathan}},
  howpublished = {{Kaggle}},
  year = {2023},
  url = {https://www.kaggle.com/datasets/nathanlauga/nba-games},
  note = {Accessed June 3, 2023},
}
@misc{GithubNBAShots,
  title = {{NBA Shots Dataset}},
  author = {{Samangy, Dominic}},
  howpublished = {{GitHub repository}},
  year = {2023},
  url = {https://github.com/DomSamangy/NBA_Shots_04_23},
  note = {Accessed June 3, 2023},
}
@misc{BasketballCourtR,
  title = {{Drawing a Basketball Court with R}},
  author = {{Gallic, Ewen}},
  howpublished = {{Web Archive}},
  year = {2014},
  url = {https://web.archive.org/web/20210616005412/https://egallic.fr/en/drawing-a-basketball-court-with-r/},
  note = {Accessed June 3, 2023},
}